@article{ABOLHASAN2004,
    author = {Mehran Abolhasan and
              Tadeusz Wysocki and
              Eryk Dutkiewicz},
    title = {A review of routing protocols for mobile ad hoc networks},
    journal = {Ad Hoc Networks},
    publisher = {Elsevier},
    volume = {2},
    number = {1},
    year = "2004"
}

@article{DEMMER2007,
author = {Demmer, Michael and Fall, Kevin},
title = {DTLSR: Delay Tolerant Routing for Developing Regions},
year = {2007},
booktitle = {Proceedings of the 2007 Workshop on Networked Systems for Developing Regions},
series = {NSDR '07},
publisher = {ACM}
}

@ARTICLE{JONES2007,
  author={Jones, Evan P.C. and Li, Lily and Schmidtke, Jakub K. and Ward, Paul A.S.},
  journal={IEEE Transactions on Mobile Computing}, 
  title={Practical Routing in Delay-Tolerant Networks}, 
  year={2007},
  volume={6},
  number={8},
  pages={943-959},
  doi={10.1109/TMC.2007.1016}
}

@online{LSR_PROTOCOL,
  author = {Wikipedia},
  title = {Link-State Routing Protocol},
  url = {https://en.wikipedia.org/wiki/Link-state_routing_protocol},
  urldate = {2022-04-25}
}

@online{SAF,
  author = {Wikipedia},
  title = {Store and Forward Routing},
  url = {https://en.wikipedia.org/wiki/Store_and_forward},
  urldate = {2022-04-25}
}

@online{QUAGGA,
  title = {Quagga Protocol Suite},
  url = {https://www.quagga.net/},
  urldate = {2022-04-25}
}

@online{OSPF,
  series = {Request for Comments},
  number = {2328},
  howpublished = {RFC 2328},
  publisher = {RFC Editor},
  url = {https://www.rfc-editor.org/info/rfc2328},
  author = {John Moy},
  title = {OSPF Version 2},
  year = {1998},
  month = {apr}
}

@online{CORE,
  author = {U.S. Naval Research Laboratory},
  title = {Common Open Research Emulator},
  url = {https://www.nrl.navy.mil/Our-Work/Areas-of-Research/Information-Technology/NCS/CORE/},
  urldate = {2022-04-25}
}

@online{TCPDUMP,
  title = {Tcpdump and Libpcap},
  url = {https://www.tcpdump.org/},
  urldate = {2022-04-25}
}

@online{TCPREPLAY,
  title = {Tcpreplay},
  url = {https://tcpreplay.appneta.com/},
  urldate = {2022-04-25}
}















